<?xml version="1.0" encoding="UTF-8" ?>
<record Numero="13919896" format="InterXMarc_Complet" type="Authority">
<leader>01316c0 au22000272  45  <Pos Code="0004">01316</Pos>
<Pos Code="05" Sens="notice modifiée">c</Pos>
<Pos Code="06" Sens="notice validée par les services d&apos;autorité">0</Pos>
<Pos Code="08" Sens="notice d&apos;autorité">a</Pos>
<Pos Code="09" Sens="titre uniforme musical (TUM)">u</Pos>
<Pos Code="10">2</Pos>
<Pos Code="11">2</Pos>
<Pos Code="1216">00027</Pos>
<Pos Code="17" Sens="autres cas">2</Pos>
<Pos Code="20">4</Pos>
<Pos Code="21">5</Pos>
</leader>
<controlfield tag="001">FRBNF139198960<Pos Code="0001">FR</Pos>
<Pos Code="0204">BNF</Pos>
<Pos Code="0512">13919896</Pos>
<Pos Code="13">0</Pos>
</controlfield>
<controlfield tag="008">890821131008yyger op        1916                             010 <Pos Code="0001">89</Pos>
<Pos Code="0203">08</Pos>
<Pos Code="0405">21</Pos>
<Pos Code="0607">13</Pos>
<Pos Code="0809">10</Pos>
<Pos Code="1011">08</Pos>
<Pos Code="1213" Sens="ne s&apos;applique pas">yy</Pos>
<Pos Code="1416" Sens="allemand">ger</Pos>
<Pos Code="1820" Sens="opéra [drame lyrique => opéra, melodramma => opéra]">op </Pos>
<Pos Code="2831">1916</Pos>
<Pos Code="61" Sens="La vedette peut être liée à une notice bibliographique pour les accès signalétiques et/ou pour l&apos;accès matière RAMEAU">0</Pos>
<Pos Code="62" Sens="La vedette ne peut s&apos;employer qu&apos;en tête de vedette">1</Pos>
<Pos Code="63" Sens="La vedette n&apos;admet pas de subdivision géographique">0</Pos>
</controlfield>
<datafield tag="048" ind1=" " ind2=" ">
	<subfield code="b">va04<Pos Code="0001" Sens="voix - soprano">va</Pos>
<Pos Code="02">0</Pos>
<Pos Code="03">4</Pos>
</subfield>
	<subfield code="b">vb01<Pos Code="0001" Sens="voix - mezzo-soprano">vb</Pos>
<Pos Code="02">0</Pos>
<Pos Code="03">1</Pos>
</subfield>
	<subfield code="b">vc01<Pos Code="0001" Sens="voix - alto">vc</Pos>
<Pos Code="02">0</Pos>
<Pos Code="03">1</Pos>
</subfield>
	<subfield code="b">vd05<Pos Code="0001" Sens="voix - ténor">vd</Pos>
<Pos Code="02">0</Pos>
<Pos Code="03">5</Pos>
</subfield>
	<subfield code="b">ve03<Pos Code="0001" Sens="voix - baryton">ve</Pos>
<Pos Code="02">0</Pos>
<Pos Code="03">3</Pos>
</subfield>
	<subfield code="b">vf02<Pos Code="0001" Sens="voix - basse">vf</Pos>
<Pos Code="02">0</Pos>
<Pos Code="03">2</Pos>
</subfield>
	<subfield code="b">vz01<Pos Code="0001" Sens="voix - non spécifié">vz</Pos>
<Pos Code="02">0</Pos>
<Pos Code="03">1</Pos>
</subfield>
	<subfield code="a">oa01<Pos Code="0001" Sens="orchestre - orchestre symphonique XIXe-XXe s.">oa</Pos>
<Pos Code="02">0</Pos>
<Pos Code="03">1</Pos>
</subfield>
</datafield>
<datafield tag="100" ind1=" " ind2=" ">
	<subfield code="3">13983132</subfield>
	<subfield code="w"> 0  b     </subfield>
	<subfield code="a">Strauss</subfield>
	<subfield code="m">Richard</subfield>
	<subfield code="d">1864-1949</subfield>
</datafield>
<datafield tag="144" ind1="1" ind2=" ">
	<subfield code="w">....b.ger.</subfield>
	<subfield code="a">Ariadne auf Naxos</subfield>
	<subfield code="k">TrV 228a</subfield>
</datafield>
<datafield tag="301" ind1="1" ind2=" ">
	<subfield code="3">14805246</subfield>
	<subfield code="a">Strauss</subfield>
	<subfield code="m">Richard</subfield>
	<subfield code="d">1864-1949</subfield>
	<subfield code="t">[Ariadne auf Naxos. TrV 228]</subfield>
</datafield>
<datafield tag="320" ind1=" " ind2=" ">
	<subfield code="3">12244426</subfield>
	<subfield code="9">145</subfield>
	<subfield code="a">Hofmannsthal</subfield>
	<subfield code="m">Hugo von</subfield>
	<subfield code="d">1874-1929</subfield>
	<subfield code="t">Ariane auf Naxos</subfield>
</datafield>
<datafield tag="444" ind1="1" ind2=" ">
	<subfield code="w">....b.ger.</subfield>
	<subfield code="a">Ariadne auf Naxos</subfield>
	<subfield code="p">Op. 60</subfield>
	<subfield code="j">1916</subfield>
</datafield>
<datafield tag="444" ind1="1" ind2=" ">
	<subfield code="w">....b.fre.</subfield>
	<subfield code="a">Ariane à Naxos</subfield>
	<subfield code="k">TrV 228a</subfield>
</datafield>
<datafield tag="444" ind1="1" ind2=" ">
	<subfield code="w">....b.fre.</subfield>
	<subfield code="a">Ariane à Naxos</subfield>
	<subfield code="p">Op. 60</subfield>
	<subfield code="j">1916</subfield>
</datafield>
<datafield tag="600" ind1=" " ind2=" ">
	<subfield code="a">Opéra en 1 acte et 1 prologue</subfield>
	<subfield code="a">Livret de Hugo von Hofmannsthal</subfield>
	<subfield code="a">Date de composition (révision de la 1re version de 1912) : 1916</subfield>
	<subfield code="a">1re représentation : Vienne, Hofoper, le 4 octobre 1916</subfield>
</datafield>
<datafield tag="600" ind1=" " ind2=" ">
	<subfield code="a">Il existe une version de 1912, sans le prologue</subfield>
</datafield>
<datafield tag="608" ind1=" " ind2=" ">
	<subfield code="b">la Prima donna/Ariane, Écho, Naïde, Zerbinette (sopranos)</subfield>
	<subfield code="b">le Compositeur (mezzo-soprano)</subfield>
	<subfield code="b">Dryade (alto)</subfield>
	<subfield code="b">le Ténor/Bacchus, Brighella, le Maître de danse, un officier, Scaramouche (ténors)</subfield>
	<subfield code="b">Arlequin, le Maître de musique, le Perruquier (barytons)</subfield>
	<subfield code="b">Truffaldin, le Laquais (basse)</subfield>
	<subfield code="b">le Majordome (rôle parlé)</subfield>
</datafield>
<datafield tag="610" ind1=" " ind2=" ">
	<subfield code="a">Trenner, Strauss</subfield>
</datafield>
<datafield tag="610" ind1=" " ind2=" ">
	<subfield code="a">Grove 6</subfield>
	<subfield code="a">Grove Opera</subfield>
</datafield>
<datafield tag="624" ind1=" " ind2=" ">
	<subfield code="a">780<Pos Code="0002" Sens="Musique">780</Pos>
</subfield>
</datafield>
<datafield tag="907" ind1=" " ind2=" ">
	<subfield code="o">GEA</subfield>
	<subfield code="a">005569482</subfield>
</datafield>
<datafield tag="917" ind1=" " ind2=" ">
	<subfield code="o">OPL</subfield>
	<subfield code="a">010529169</subfield>
</datafield>
<datafield tag="917" ind1=" " ind2=" ">
	<subfield code="o">OPC</subfield>
	<subfield code="a">100498670</subfield>
</datafield>
<datafield tag="996" ind1=" " ind2=" ">
	<subfield code="o">OPP</subfield>
	<subfield code="a">16302269</subfield>
	<subfield code="d">20131008</subfield>
</datafield>
<datafield tag="996" ind1=" " ind2=" ">
	<subfield code="o">OPP</subfield>
	<subfield code="a">16302270</subfield>
	<subfield code="d">20131008</subfield>
</datafield>
<Attr Nom="IDPerenne">ark:/12148/cb13919896k</Attr>
<Attr Nom="NumSource">GEA 005569482</Attr>
<Attr Nom="Source" Sens="BnF catalogue général (depuis 1999)">A</Attr>
<Attr Nom="NumAutoriteLiee">139831321480524612244426</Attr>
<Attr Nom="DateCreation">21/08/ 1989</Attr>
<Attr Nom="ResponsableCreation">MIGV2</Attr>
<Attr Nom="StructCreation">1</Attr>
<Attr Nom="DateDerniereValidation">08/10/ 2013</Attr>
<Attr Nom="ResponsableDerniereValidation">SERRES CATHERINE</Attr>
<Attr Nom="StructPremiereValidation">1</Attr>
<Attr Nom="DatePremiereValidation">21/08/ 1989</Attr>
<Attr Nom="ResponsablePremiereValidation">MIGV2</Attr>
<Attr Nom="StructDerniereValidation">82</Attr>
<Attr Nom="NumSource" Rep="1">OPL 010529169</Attr>
<Attr Nom="NumSource" Rep="2">OPC 100498670</Attr>
<Attr Nom="NumSource" Rep="3">OPP 16302269</Attr>
<Attr Nom="NumSource" Rep="4">OPP 16302270</Attr>
</record>
